<record><leader>00000cas a22000007a 4500</leader><controlfield tag="001">14978072</controlfield><controlfield tag="008">861216d18551857iauwr ne      0    0eng d</controlfield><datafield ind1=" " ind2=" " tag="010"><subfield code="a">sn 86061226 </subfield></datafield><datafield ind1=" " ind2=" " tag="040"><subfield code="a">INP</subfield><subfield code="b">eng</subfield><subfield code="c">INP</subfield><subfield code="d">OCLCQ</subfield></datafield><datafield ind1=" " ind2=" " tag="042"><subfield code="a">msc</subfield></datafield><datafield ind1="0" ind2="0" tag="245"><subfield code="a">Dubuque weekly Republican.</subfield></datafield><datafield ind1="1" ind2="3" tag="246"><subfield code="a">Weekly Republican</subfield><subfield code="f">&lt;Feb. 15, 1856&gt;</subfield></datafield><datafield ind1=" " ind2=" " tag="260"><subfield code="a">Dubuque [Iowa] :</subfield><subfield code="b">C.C. Flint,</subfield><subfield code="c">-1857.</subfield></datafield><datafield ind1=" " ind2=" " tag="300"><subfield code="a">v. :</subfield><subfield code="b">ill. ;</subfield><subfield code="c">61 cm.</subfield></datafield><datafield ind1=" " ind2=" " tag="310"><subfield code="a">Weekly</subfield></datafield><datafield ind1="1" ind2=" " tag="362"><subfield code="a">Began in Nov. 1855.</subfield><subfield code="z">Cf. Bibl. of Iowa newspapers.</subfield></datafield><datafield ind1="0" ind2=" " tag="362"><subfield code="a">-new ser. v. 1, no. 19 (Oct. 21, 1857).</subfield></datafield><datafield ind1=" " ind2=" " tag="500"><subfield code="a">Publisher varies.</subfield></datafield><datafield ind1=" " ind2=" " tag="515"><subfield code="a">Numbering begins anew with Vol. 1, no. 1 (June 17, 1857).</subfield></datafield><datafield ind1=" " ind2=" " tag="588"><subfield code="a">Description based on: Vol. 1, no. 12 (Feb. 15, 1856).</subfield></datafield><datafield ind1=" " ind2=" " tag="752"><subfield code="a">United States</subfield><subfield code="b">Iowa</subfield><subfield code="c">Dubuque</subfield><subfield code="d">Dubuque.</subfield></datafield><datafield ind1="0" ind2=" " tag="775"><subfield code="t">Dubuque daily Republican</subfield><subfield code="w">(DLC)sn 84038139</subfield></datafield><datafield ind1="0" ind2="4" tag="785"><subfield code="t">Weekly Dubuque tribune</subfield><subfield code="w">(DLC)sn 86061131</subfield></datafield></record>